@article {Veretennikov99,
	author	= {Веретенников А. Ю.},
	title = {О полиномиальном перемешивании и скорости сходимости для стохастических дифференциальных и разностных уравнений},
	publisher = {Теория вероятностей и её примение 44:2},
	year = {1999},
	numpages = {312–-327},
	language = {russian}
}

@article {CramerRaoDiffenition,
	author = {Emmanuel Onzon},
	title = {Multivariate Cramér-Rao inequality for prediction and efficient predictors},
	publisher = {STATISTICS PROBABILITY LETTERS, 81 (3)},
	year = {2011},
	numpages = {429},
	language = {english}
}

@book {VeretennikovLectures16,
	author	= {Veretennikov, A.Yu.},
	title = {Preprint Statistical Theory, Lecture notes},
	publisher = {University of Leeds},
	year = {2016},
	language = {english}
}

@article {VeretennikovVarakin2001,
	author	= {Varakin, A.B. and Veretennikov, A.Yu.},
	title = {On Parameter Estimation for “Polynomial Ergodic” Markov Chains with Polynomial Growth Loss Functions},
	publisher = {Mathematics Preprint Archive Vol., Issue 9, Available at SSRN: https://ssrn.com/abstract=3153598},
	year = {2001},
	numpages = {420--436},
	language = {english}
}